<?xml version="1.0" encoding="UTF-8"?><collection xmlns="http://www.loc.gov/MARC21/slim"><record><leader>00472nam--2200181-i-4500</leader><controlfield tag="001">000037976</controlfield><controlfield tag="002">20161230</controlfield><controlfield tag="005">20161230201041</controlfield><controlfield tag="008">060222s1000------------r-----000-0-fre-d</controlfield><datafield ind1=" " ind2=" " tag="040"><subfield code="a">IFIN-HH</subfield></datafield><datafield ind1=" " ind2=" " tag="041"><subfield code="a">fre</subfield></datafield><datafield ind1=" " ind2=" " tag="080"><subfield code="a">519.22(043)</subfield></datafield><datafield ind1="1" ind2=" " tag="100"><subfield code="a">Rahmani,Found</subfield></datafield><datafield ind1="1" ind2="0" tag="245"><subfield code="a">Problems d`analyse des corespondances multiples. these</subfield><subfield code="c">Found Rahmani</subfield></datafield><datafield ind1=" " ind2=" " tag="260"><subfield code="a">Orsay, Univ.De Paris-sud, 1979</subfield></datafield><datafield ind1=" " ind2=" " tag="300"><subfield code="a">83 P</subfield></datafield><datafield ind1=" " ind2=" " tag="852"><subfield code="a">49838</subfield><subfield code="c">519.2</subfield></datafield><datafield ind1=" " ind2=" " tag="CAT"><subfield code="a">Sys</subfield><subfield code="c">20100608</subfield><subfield code="h">112620</subfield></datafield></record></collection>